<record><leader>00000cas a22000007a 4500</leader><controlfield tag="001">14178903</controlfield><controlfield tag="008">860904d18871929txudn ne      0    0eng d</controlfield><datafield ind1=" " ind2=" " tag="010"><subfield code="a">sn 86088711 </subfield></datafield><datafield ind1=" " ind2=" " tag="040"><subfield code="a">PPM</subfield><subfield code="b">eng</subfield><subfield code="c">PPM</subfield><subfield code="d">NSD</subfield><subfield code="d">PPM</subfield><subfield code="d">OCLCQ</subfield></datafield><datafield ind1=" " ind2=" " tag="042"><subfield code="a">msc</subfield></datafield><datafield ind1="0" ind2="4" tag="245"><subfield code="a">The Cuero daily record.</subfield></datafield><datafield ind1="3" ind2="0" tag="246"><subfield code="a">Daily record</subfield></datafield><datafield ind1=" " ind2=" " tag="260"><subfield code="a">Cuero, Tex. :</subfield><subfield code="b">[s.n.]</subfield></datafield><datafield ind1=" " ind2=" " tag="300"><subfield code="a">v. :</subfield><subfield code="b">ill. ;</subfield><subfield code="c">56 cm.</subfield></datafield><datafield ind1=" " ind2=" " tag="310"><subfield code="a">Daily (except Sat.)</subfield></datafield><datafield ind1="1" ind2=" " tag="362"><subfield code="a">Began in 1887?</subfield></datafield><datafield ind1="0" ind2=" " tag="362"><subfield code="a">-v. 70, no. 79 (Apr. 3, 1929).</subfield></datafield><datafield ind1=" " ind2=" " tag="530"><subfield code="a">Also on microfilm: Austin, Texas: The University of Texas, Center for American History.</subfield></datafield><datafield ind1=" " ind2=" " tag="588"><subfield code="a">Description based on: Vol. 13, no. 59 (Oct. 16, 1900).</subfield></datafield><datafield ind1=" " ind2=" " tag="752"><subfield code="a">United States</subfield><subfield code="b">Texas</subfield><subfield code="c">DeWitt</subfield><subfield code="d">Cuero.</subfield></datafield><datafield ind1="0" ind2=" " tag="775"><subfield code="t">Cuero weekly record.</subfield><subfield code="w">(DLC)sn 86088880</subfield></datafield><datafield ind1="0" ind2="5" tag="780"><subfield code="t">Cuero daily star</subfield><subfield code="w">(DLC)sn 86088882</subfield></datafield><datafield ind1="0" ind2="7" tag="785"><subfield code="t">Cuero weekly record</subfield><subfield code="w">(DLC)sn 86008880</subfield></datafield><datafield ind1="0" ind2="7" tag="785"><subfield code="t">Cuero record</subfield><subfield code="x">1062-1202</subfield><subfield code="w">(DLC)sn 86088712</subfield></datafield><datafield ind1="1" ind2=" " tag="029"><subfield code="a">AU@</subfield><subfield code="b">000025836869</subfield></datafield></record>